<record><leader>00000cas a22000007a 4500</leader><controlfield tag="001">14523774</controlfield><controlfield tag="008">861027d18621862iauwr ne      0    0eng d</controlfield><datafield ind1=" " ind2=" " tag="010"><subfield code="a">sn 86061142 </subfield></datafield><datafield ind1=" " ind2=" " tag="040"><subfield code="a">INP</subfield><subfield code="b">eng</subfield><subfield code="c">INP</subfield><subfield code="d">OCLCQ</subfield><subfield code="d">IUL</subfield><subfield code="d">OCLCF</subfield></datafield><datafield ind1=" " ind2=" " tag="042"><subfield code="a">msc</subfield></datafield><datafield ind1=" " ind2=" " tag="043"><subfield code="a">n-us-ia</subfield></datafield><datafield ind1="0" ind2="0" tag="245"><subfield code="a">Weekly democratic herald.</subfield></datafield><datafield ind1="3" ind2="0" tag="246"><subfield code="a">Democratic herald</subfield></datafield><datafield ind1=" " ind2=" " tag="260"><subfield code="a">[Dubuque, Iowa :</subfield><subfield code="b">Stilson Hutchins],</subfield><subfield code="c">1862.</subfield></datafield><datafield ind1=" " ind2=" " tag="300"><subfield code="a">1 v. ;</subfield><subfield code="c">52 cm.</subfield></datafield><datafield ind1=" " ind2=" " tag="310"><subfield code="a">Weekly</subfield></datafield><datafield ind1="0" ind2=" " tag="362"><subfield code="a">Vol. 22, no. 20 (Nov. 19, 1862) = vol. 1, no. 1.</subfield></datafield><datafield ind1=" " ind2="0" tag="651"><subfield code="a">Dubuque (Iowa)</subfield><subfield code="v">Newspapers.</subfield></datafield><datafield ind1=" " ind2="0" tag="651"><subfield code="a">Dubuque County (Iowa)</subfield><subfield code="v">Newspapers.</subfield></datafield><datafield ind1=" " ind2="7" tag="651"><subfield code="a">Iowa</subfield><subfield code="z">Dubuque.</subfield><subfield code="2">fast</subfield><subfield code="0">(OCoLC)fst01217313</subfield></datafield><datafield ind1=" " ind2="7" tag="651"><subfield code="a">Iowa</subfield><subfield code="z">Dubuque County.</subfield><subfield code="2">fast</subfield><subfield code="0">(OCoLC)fst01212637</subfield></datafield><datafield ind1=" " ind2="7" tag="655"><subfield code="a">Newspapers.</subfield><subfield code="2">fast</subfield><subfield code="0">(OCoLC)fst01423814</subfield></datafield><datafield ind1=" " ind2=" " tag="752"><subfield code="a">United States</subfield><subfield code="b">Iowa</subfield><subfield code="c">Dubuque</subfield><subfield code="d">Dubuque.</subfield></datafield><datafield ind1="0" ind2=" " tag="775"><subfield code="t">Dubuque democratic herald (Dubuque, Iowa : 1862 : Daily)</subfield><subfield code="w">(DLC)sn 86061146</subfield><subfield code="w">(OCoLC)14551584</subfield></datafield><datafield ind1="0" ind2="0" tag="780"><subfield code="t">Dubuque weekly herald (Dubuque, Iowa : 1862)</subfield><subfield code="w">(DLC)sn 86061141</subfield><subfield code="w">(OCoLC)14523698</subfield></datafield><datafield ind1="0" ind2="0" tag="785"><subfield code="t">Dubuque democratic herald (Dubuque, Iowa : 1862 : Weekly)</subfield><subfield code="w">(DLC)sn 86061144</subfield><subfield code="w">(OCoLC)14523853</subfield></datafield></record>